% ------------------------------------------------------------------------
% SAMPLE BIBLIOGRAPHY FILE
% ------------------------------------------------------------------------

@article{Klein:2011hi,
author = {Klein, Rolf and Kamphans, Tom},
title = {{Pledge's Algorithm - How to Escape from a Dark Maze.}},
journal = {Algorithms Unplugged},
year = {2011},
number = {Chapter 8},
pages = {69--75}
}

@incollection{Anonymous:2007ch,
title = {{Solving a Maze}},
booktitle = {Building Robots with LEGO Mindstorms NXT},
year = {2007},
pages = {327--348},
publisher = {Syngress},
month = jan
}

@article{Proulx:2018fr,
author = {Proulx, Jean-Nicolas and Romero, Margarida and Arnab, Sylvester},
title = {{Learning Mechanics and Game Mechanics Under the Perspective of Self-Determination Theory to Foster Motivation in Digital Game Based Learning}},
journal = {arXiv.org},
year = {2018},
eprint = {1805.08053v1},
eprinttype = {arxiv},
eprintclass = {physics.ed-ph},
number = {1},
pages = {81--97},
month = may
}

@book{Ifenthaler:2012tn,
author = {Ifenthaler, Dirk and Eseryel, Deniz and Ge, Xun},
title = {{Assessment in Game-Based Learning}},
publisher = {Springer Science {\&} Business Media},
year = {2012},
series = {Foundations, Innovations, and Perspectives},
month = jun
}


@book{Prensky:2007wt,
author = {Prensky, Marc},
title = {{Digital Game-Based Learning}},
publisher = {Paragon House},
year = {2007},
month = mar
}

@book{Bell:2016vq,
author = {Bell, Michael},
title = {{Incremental Software Architecture}},
publisher = {John Wiley {\&} Sons},
year = {2016},
series = {A Method for Saving Failing IT Implementations},
month = jan
}


@article{An:2018uv,
author = {An, Brian and Kim, Inki and Pakdamanian, Erfan and Brown, Donald E},
title = {{Exploring Gaze Behavior to Assess Performance in Digital Game-Based Learning Systems}},
journal = {arXiv.org},
year = {2018},
eprint = {1811.00981v1},
eprinttype = {arxiv},
eprintclass = {cs.HC},
month = nov
}


@article{AdrirScott:2013ui,
author = {Adrir' Scott, Michael},
title = {{Vocalnayno: Designing a Game-Based Intervention to Support Reading Development in Primary Schools}},
journal = {arXiv.org},
year = {2013},
eprint = {1304.7819v1},
eprinttype = {arxiv},
eprintclass = {cs.CY},
month = apr,
annote = {Presented at the 6th European Conference on Games-Based Learning, Oct 4-5, 2012, Cork, Ireland}
}

@article{Fenn:2014dm,
author = {Fenn, Monika},
title = {{Kriegsspiel mit Herz? Computer Games zum Ersten Weltkrieg}},
journal = {Public History Weekly},
year = {2014},
volume = {2014},
number = {26}
}

@article{BullenIV:2009vv,
author = {Bullen IV, Harry W and Ranjan, Priya},
title = {{Chaotic Transitions in Wall Following Robots}},
journal = {arXiv.org},
year = {2009},
eprint = {0908.3653v1},
eprinttype = {arxiv},
eprintclass = {nlin.CD},
month = aug
}

@article{Braendeland:2015wf,
author = {Br{\ae}ndeland, Asbj{\o}rn},
title = {{Depth-first search in split-by-edges trees}},
journal = {arXiv.org},
year = {2015},
eprint = {1505.01140v1},
eprinttype = {arxiv},
eprintclass = {cs.DS},
month = may,
annote = {3 pages}
}

@booklet{Khoussainov:1995vx,
title = {{Recursive models of theories with few models}},
author = {Khoussainov, Bakhadyr and Nies, Andre and Shore, Richard A},
year = {1995}
}

@article{Roser:2015ez,
author = {Roser, Christoph and Nakano, Masaru},
title = {{Guidelines for the Selection of FIFO Lanes and Supermarkets for Kanban-Based Pull Systems - When to Use a FIFO and When to Use a Supermarket.}},
journal = {APMS},
year = {2015},
volume = {460},
number = {Chapter 33},
pages = {282--289}
}

@article{Kandl:2014ug,
author = {Kandl, Susanne and Elshuber, Martin},
title = {{A Formal Approach to System Integration Testing}},
journal = {arXiv.org},
year = {2014},
eprint = {1404.6743v1},
eprinttype = {arxiv},
eprintclass = {cs.SE},
month = apr,
annote = {EDCC-2014, Fast-Abstracts}
}

@book{Reiman:2009ub,
author = {Reiman, Michael P and Manske, Robert C},
title = {{Functional Testing in Human Performance}},
publisher = {Human Kinetics},
year = {2009}
}

