% ------------------------------------------------------------------------
% SAMPLE BIBLIOGRAPHY FILE
% ------------------------------------------------------------------------

@article{Klein:2011hi,
author = {Klein, Rolf and Kamphans, Tom},
title = {{Pledge's Algorithm - How to Escape from a Dark Maze.}},
journal = {Algorithms Unplugged},
year = {2011},
number = {Chapter 8},
pages = {69--75}
}

@incollection{Anonymous:2007ch,
title = {{Solving a Maze}},
booktitle = {Building Robots with LEGO Mindstorms NXT},
year = {2007},
pages = {327--348},
publisher = {Syngress},
month = jan
}

@article{Proulx:2018fr,
author = {Proulx, Jean-Nicolas and Romero, Margarida and Arnab, Sylvester},
title = {{Learning Mechanics and Game Mechanics Under the Perspective of Self-Determination Theory to Foster Motivation in Digital Game Based Learning}},
journal = {arXiv.org},
year = {2018},
eprint = {1805.08053v1},
eprinttype = {arxiv},
eprintclass = {physics.ed-ph},
number = {1},
pages = {81--97},
month = may
}

@book{Ifenthaler:2012tn,
author = {Ifenthaler, Dirk and Eseryel, Deniz and Ge, Xun},
title = {{Assessment in Game-Based Learning}},
publisher = {Springer Science {\&} Business Media},
year = {2012},
series = {Foundations, Innovations, and Perspectives},
month = jun
}


@book{Prensky:2007wt,
author = {Prensky, Marc},
title = {{Digital Game-Based Learning}},
publisher = {Paragon House},
year = {2007},
month = mar
}

@book{Bell:2016vq,
author = {Bell, Michael},
title = {{Incremental Software Architecture}},
publisher = {John Wiley {\&} Sons},
year = {2016},
series = {A Method for Saving Failing IT Implementations},
month = jan
}


@article{An:2018uv,
author = {An, Brian and Kim, Inki and Pakdamanian, Erfan and Brown, Donald E},
title = {{Exploring Gaze Behavior to Assess Performance in Digital Game-Based Learning Systems}},
journal = {arXiv.org},
year = {2018},
eprint = {1811.00981v1},
eprinttype = {arxiv},
eprintclass = {cs.HC},
month = nov
}


@article{AdrirScott:2013ui,
author = {Adrir' Scott, Michael},
title = {{Vocalnayno: Designing a Game-Based Intervention to Support Reading Development in Primary Schools}},
journal = {arXiv.org},
year = {2013},
eprint = {1304.7819v1},
eprinttype = {arxiv},
eprintclass = {cs.CY},
month = apr,
annote = {Presented at the 6th European Conference on Games-Based Learning, Oct 4-5, 2012, Cork, Ireland}
}

@article{Fenn:2014dm,
author = {Fenn, Monika},
title = {{Kriegsspiel mit Herz? Computer Games zum Ersten Weltkrieg}},
journal = {Public History Weekly},
year = {2014},
volume = {2014},
number = {26}
}


