% ------------------------------------------------------------------------
% SAMPLE BIBLIOGRAPHY FILE
% ------------------------------------------------------------------------

@article{Klein:2011hi,
author = {Klein, Rolf and Kamphans, Tom},
title = {{Pledge's Algorithm - How to Escape from a Dark Maze.}},
journal = {Algorithms Unplugged},
year = {2011},
number = {Chapter 8},
pages = {69--75}
}

@incollection{Anonymous:2007ch,
title = {{Solving a Maze}},
booktitle = {Building Robots with LEGO Mindstorms NXT},
year = {2007},
pages = {327--348},
publisher = {Syngress},
month = jan
}

@article{Proulx:2018fr,
author = {Proulx, Jean-Nicolas and Romero, Margarida and Arnab, Sylvester},
title = {{Learning Mechanics and Game Mechanics Under the Perspective of Self-Determination Theory to Foster Motivation in Digital Game Based Learning}},
journal = {arXiv.org},
year = {2018},
eprint = {1805.08053v1},
eprinttype = {arxiv},
eprintclass = {physics.ed-ph},
number = {1},
pages = {81--97},
month = may
}

@book{Ifenthaler:2012tn,
author = {Ifenthaler, Dirk and Eseryel, Deniz and Ge, Xun},
title = {{Assessment in Game-Based Learning}},
publisher = {Springer Science {\&} Business Media},
year = {2012},
series = {Foundations, Innovations, and Perspectives},
month = jun
}


@book{Prensky:2007wt,
author = {Prensky, Marc},
title = {{Digital Game-Based Learning}},
publisher = {Paragon House},
year = {2007},
month = mar
}

@book{Bell:2016vq,
author = {Bell, Michael},
title = {{Incremental Software Architecture}},
publisher = {John Wiley {\&} Sons},
year = {2016},
series = {A Method for Saving Failing IT Implementations},
month = jan
}


@article{An:2018uv,
author = {An, Brian and Kim, Inki and Pakdamanian, Erfan and Brown, Donald E},
title = {{Exploring Gaze Behavior to Assess Performance in Digital Game-Based Learning Systems}},
journal = {arXiv.org},
year = {2018},
eprint = {1811.00981v1},
eprinttype = {arxiv},
eprintclass = {cs.HC},
month = nov
}


@article{AdrirScott:2013ui,
author = {Adrir' Scott, Michael},
title = {{Vocalnayno: Designing a Game-Based Intervention to Support Reading Development in Primary Schools}},
journal = {arXiv.org},
year = {2013},
eprint = {1304.7819v1},
eprinttype = {arxiv},
eprintclass = {cs.CY},
month = apr,
annote = {Presented at the 6th European Conference on Games-Based Learning, Oct 4-5, 2012, Cork, Ireland}
}

@article{Fenn:2014dm,
author = {Fenn, Monika},
title = {{Kriegsspiel mit Herz? Computer Games zum Ersten Weltkrieg}},
journal = {Public History Weekly},
year = {2014},
volume = {2014},
number = {26}
}

@article{BullenIV:2009vv,
author = {Bullen IV, Harry W and Ranjan, Priya},
title = {{Chaotic Transitions in Wall Following Robots}},
journal = {arXiv.org},
year = {2009},
eprint = {0908.3653v1},
eprinttype = {arxiv},
eprintclass = {nlin.CD},
month = aug
}

@article{Braendeland:2015wf,
author = {Br{\ae}ndeland, Asbj{\o}rn},
title = {{Depth-first search in split-by-edges trees}},
journal = {arXiv.org},
year = {2015},
eprint = {1505.01140v1},
eprinttype = {arxiv},
eprintclass = {cs.DS},
month = may,
annote = {3 pages}
}

@booklet{Khoussainov:1995vx,
title = {{Recursive models of theories with few models}},
author = {Khoussainov, Bakhadyr and Nies, Andre and Shore, Richard A},
year = {1995}
}

@article{Roser:2015ez,
author = {Roser, Christoph and Nakano, Masaru},
title = {{Guidelines for the Selection of FIFO Lanes and Supermarkets for Kanban-Based Pull Systems - When to Use a FIFO and When to Use a Supermarket.}},
journal = {APMS},
year = {2015},
volume = {460},
number = {Chapter 33},
pages = {282--289}
}

@article{Kandl:2014ug,
author = {Kandl, Susanne and Elshuber, Martin},
title = {{A Formal Approach to System Integration Testing}},
journal = {arXiv.org},
year = {2014},
eprint = {1404.6743v1},
eprinttype = {arxiv},
eprintclass = {cs.SE},
month = apr,
annote = {EDCC-2014, Fast-Abstracts}
}

@book{Reiman:2009ub,
author = {Reiman, Michael P and Manske, Robert C},
title = {{Functional Testing in Human Performance}},
publisher = {Human Kinetics},
year = {2009}
}


@book{Kurniawan:tw,
author = {Kurniawan, Agus},
title = {{Raspberry Pi I/O Programming Using Python}},
publisher = {PE Press}
}


@article{GonzalezMartinez:2008fw,
author = {Gonz{\'a}lez-Mart{\'\i}nez, M L and Bonnet, L and Larr{\'e}garay, P and Rayez, J C and Rubayo-Soneira, J},
title = {{From angle-action to Cartesian coordinates: A key transformation for molecular dynamics}},
journal = {arXiv.org},
year = {2008},
eprint = {0811.0546v1},
eprinttype = {arxiv},
eprintclass = {physics.chem-ph},
number = {11},
pages = {114103},
month = nov,
annote = {10 pages, 11 figures, submitted to J. Chem. Phys}
}

@book{Blank:2006tl,
author = {Blank, Andrew G},
title = {{TCP/IP Foundations}},
publisher = {John Wiley {\&} Sons},
year = {2006},
month = feb
}

@book{Upton:2014wt,
author = {Upton, Eben and Halfacree, Gareth},
title = {{Raspberry Pi User Guide}},
publisher = {John Wiley {\&} Sons},
year = {2014},
month = sep
}

@article{Anbalagan:2015tw,
author = {Anbalagan, Dorai Ashok Shanmugavel},
title = {{Secure Shell (SSH) - Public Key Authentication over Hypertext Transfer Protocol (HTTP).}},
journal = {CoRR},
year = {2015}
}

@book{Monk:2012vo,
author = {Monk, Simon},
title = {{Programming the Raspberry Pi: Getting Started with Python}},
publisher = {McGraw Hill Professional},
year = {2012},
month = nov
}

@article{Aubakir:2015wn,
author = {Aubakir, Bauyrzhan and Kappasov, Zhanat and Shintemirov, Almas},
title = {{Practical Realization of the Self-Balancing Robot Using Infrared Sensors}},
journal = {arXiv.org},
year = {2015},
eprint = {1503.03818v2},
eprinttype = {arxiv},
eprintclass = {cs.RO},
month = mar,
annote = {Proceedings of the 5th International Competition of the student IT projects, KBTU, Kazakhstan, 2012, 6 pages, 8 figures, in Russian Language}
}

@book{HartDavis:2016uq,
author = {Hart-Davis, Guy},
title = {{Deploying Raspberry Pi in the Classroom}},
publisher = {Apress},
year = {2016},
month = dec
}

@book{Jeuring:1995to,
author = {Jeuring, Johan and Meijer, Erik},
title = {{Advanced Functional Programming}},
publisher = {Springer Science {\&} Business Media},
year = {1995},
series = {First International Spring School on Advanced Functional Programming Techniques, Bastad, Sweden, May 24 - 30, 1995. Tutorial Text},
month = may
}

@book{Gibbons:1985wz,
author = {Gibbons, Alan},
title = {{Algorithmic Graph Theory}},
publisher = {Cambridge University Press},
year = {1985},
month = jun
}

@article{Sun:2016cw,
author = {Sun, Jiankun and 0011, Jun Yang and Zheng, Wei Xing and Li, Shihua},
title = {{GPIO-Based Robust Control of Nonlinear Uncertain Systems Under Time-Varying Disturbance With Application to DC-DC Converter.}},
journal = {IEEE Trans. on Circuits and Systems},
year = {2016},
volume = {63},
number = {11},
pages = {1074--1078}
}

@book{Gay:2018wa,
author = {Gay, Warren},
title = {{Advanced Raspberry Pi}},
publisher = {Apress},
year = {2018},
series = {Raspbian Linux and GPIO Integration},
month = oct
}

@article{Hoffstadt:2016im,
author = {Hoffstadt, Thorben and Maas, J{\"u}rgen},
title = {{Sensorless BCM control for a bidirectional flyback-converter.}},
journal = {IECON},
year = {2016},
pages = {3600--3605}
}


@article{Bergmann:2010hp,
author = {Bergmann, G{\'a}bor and 0001, {\'A}kos Horv{\'a}th and R{\'a}th, Istv{\'a}n and Varr{\'o}, D{\'a}niel and Balogh, Andr{\'a}s and 0003, Zolt{\'a}n Balogh and {\"O}kr{\"o}s, Andr{\'a}s},
title = {{Incremental Evaluation of Model Queries over EMF Models.}},
journal = {MoDELS},
year = {2010},
volume = {6394},
number = {3},
pages = {76--90}
}

@book{PAI:tg,
author = {{PAI}},
title = {{DATA STRUCTURES}},
publisher = {Tata McGraw-Hill Education}
}

@book{Anonymous:1998tsa,
title = {{Recursive Model Theory}},
publisher = {Elsevier},
year = {1998},
month = nov
}

@book{Shah:2015uh,
author = {Shah, Samarth},
title = {{Learning Raspberry Pi}},
publisher = {Packt Publishing Ltd},
year = {2015},
month = apr
}

@book{Barrett:2005wf,
author = {Barrett, Daniel and Silverman, Richard and Byrnes, Robert},
title = {{SSH, The Secure Shell}},
publisher = {"O'Reilly Media, Inc."},
year = {2005},
series = {The Definitive Guide},
month = may
}

@book{Cowart:2003th,
author = {Cowart, Robert and Knittel, Brian},
title = {{Using Microsoft Windows XP Professional Edition}},
publisher = {Que Pub},
year = {2003}
}


@book{Felicia:2014wt,
author = {Felicia, Patrick},
title = {{Game-Based Learning}},
publisher = {Cambridge Scholars Publishing},
year = {2014},
series = {Challenges and Opportunities},
month = jun
}

@article{Tveit:2016ul,
author = {Tveit, Amund and Morland, Torbj{\o}rn and R{\o}st, Thomas Brox},
title = {{DeepLearningKit - an GPU Optimized Deep Learning Framework for Apple's iOS, OS X and tvOS developed in Metal and Swift.}},
journal = {CoRR},
year = {2016}
}

@book{Tiwari:2012ts,
author = {Tiwari, Ritu},
title = {{Intelligent Planning for Mobile Robotics: Algorithmic Approaches}},
publisher = {IGI Global},
year = {2012},
series = {Algorithmic Approaches},
month = sep
}

@book{Ao:2008uy,
author = {Ao, Sio-Iong and Rieger, Burghard B and Chen, Su-Shing},
title = {{Advances in Computational Algorithms and Data Analysis}},
publisher = {Springer Science {\&} Business Media},
year = {2008},
month = sep
}


@book{Upton:2016wt,
author = {Upton, Eben and Halfacree, Gareth},
title = {{Raspberry Pi User Guide}},
publisher = {John Wiley {\&} Sons},
year = {2016},
month = aug
}

@book{Lundh:2001vk,
author = {Lundh, Fredrik},
title = {{Python Standard Library}},
publisher = {"O'Reilly Media, Inc."},
year = {2001}
}



